@DocuShare{Document-28382,
  author =  { \v{Z}eljko Ivezi{\'c} and Lynne Jones and Tiago Ribeiro},
  title =        "{Call for White Papers on LSST Cadence Optimization}",
  year =         2018,
  month =        jun,
  handle =       {Document-28382}
}

@DocuShare{Document-27962,
  author =  {Jim Bosch},
  title =        "{DM Plans for Crowded Star Fields}",
  year =         2018,
  month =        apr,
  handle =       {Document-27962}
}

@ARTICLE{2005AJ....130.2272B,
   author = {{Barris}, B.~J. and {Tonry}, J.~L. and {Novicki}, M.~C. and 
	{Wood-Vasey}, W.~M.},
    title = "{The NN2 Flux Difference Method for Constructing Variable Object Light Curves}",
  journal = {\aj},
   eprint = {astro-ph/0507584},
 keywords = {Methods: Data Analysis, Stars: Supernovae: General, Techniques: Photometric},
     year = 2005,
    month = nov,
   volume = 130,
    pages = {2272-2277},
      doi = {10.1086/491583},
   adsurl = {http://adsabs.harvard.edu/abs/2005AJ....130.2272B},
  adsnote = {Provided by the SAO/NASA Astrophysics Data System}
}
